<?xml version='1.0'?>
<collection xmlns='http://www.loc.gov/MARC21/slim' xmlns:xsi='http://www.w3.org/2001/XMLSchema-instance' xsi:schemaLocation='http://www.loc.gov/MARC21/slim http://www.loc.gov/standards/marcxml/schema/MARC21slim.xsd'>
<record><leader>01295cam a2200325 a 4500</leader><controlfield tag='001'>648695</controlfield><controlfield tag='005'>20160919172335.0</controlfield><controlfield tag='007'>hdubfa010baaa</controlfield><controlfield tag='007'>hdubfa010baba</controlfield><controlfield tag='007'>hduafa010baca</controlfield><controlfield tag='008'>910528r19911883pau     ab    00010 ger d</controlfield><datafield ind1=' ' ind2=' ' tag='035'><subfield code='a'>(OCoLC)23911558</subfield></datafield><datafield ind1=' ' ind2=' ' tag='035'><subfield code='a'>(CStRLIN)NJPG91-B26148</subfield></datafield><datafield ind1=' ' ind2=' ' tag='035'><subfield code='9'>ACY4952TS</subfield></datafield><datafield ind1=' ' ind2=' ' tag='040'><subfield code='a'>NjP</subfield><subfield code='c'>NjP</subfield></datafield><datafield ind1=' ' ind2=' ' tag='043'><subfield code='a'>a-su---</subfield></datafield><datafield ind1='1' ind2=' ' tag='100'><subfield code='a'>Huber, Anton,</subfield><subfield code='d'>1860-</subfield><subfield code='0'>(uri)http://id.loc.gov/authorities/names/nr91021680</subfield></datafield><datafield ind1='1' ind2='0' tag='245'><subfield code='a'>Über des &quot;meisir&quot; genannte Spiel der heidnischen Araber</subfield><subfield code='h'>[microform] /</subfield><subfield code='c'>von Anton Huber.</subfield></datafield><datafield ind1=' ' ind2=' ' tag='260'><subfield code='a'>Leipzig :</subfield><subfield code='b'>Breitkopf,</subfield><subfield code='c'>1883.</subfield></datafield><datafield ind1=' ' ind2=' ' tag='300'><subfield code='a'>62 p. ;</subfield><subfield code='c'>22 cm.</subfield></datafield><datafield ind1=' ' ind2=' ' tag='502'><subfield code='b'>doctoral</subfield><subfield code='c'>Universität Leipzig</subfield><subfield code='d'>*1991</subfield></datafield><datafield ind1=' ' ind2=' ' tag='504'><subfield code='a'>Includes bibliographical references.</subfield></datafield><datafield ind1=' ' ind2=' ' tag='533'><subfield code='a'>Microfilm.</subfield><subfield code='b'>Bethlehem, PA :</subfield><subfield code='c'>Mid-Atlantic Preservation Service,</subfield><subfield code='d'>1991.</subfield><subfield code='e'>1 microfilm reel ; 35 mm.</subfield><subfield code='f'>(Princeton University Arabic collection ; cn. 9000149.01).</subfield></datafield><datafield ind1=' ' ind2=' ' tag='590'><subfield code='a'>Princeton Arabic Microfilming Project.</subfield></datafield><datafield ind1=' ' ind2='0' tag='650'><subfield code='a'>Games</subfield><subfield code='z'>Saudi Arabia.</subfield></datafield><datafield ind1=' ' ind2='0' tag='830'><subfield code='a'>Princeton University Arabic collection ;</subfield><subfield code='v'>cn. 9000149.01.</subfield></datafield><datafield ind1=' ' ind2=' ' tag='998'><subfield code='a'>09/20/93</subfield><subfield code='s'>9124</subfield><subfield code='n'>NjP</subfield><subfield code='w'>NJPG91B26148</subfield><subfield code='d'>05/28/91</subfield><subfield code='c'>JEB</subfield><subfield code='b'>ABT</subfield><subfield code='i'>930920</subfield><subfield code='l'>NJPG</subfield></datafield><datafield ind1=' ' ind2=' ' tag='911'><subfield code='a'>19930930</subfield></datafield><datafield ind1=' ' ind2=' ' tag='912'><subfield code='a'>19930920000000.0</subfield></datafield><datafield ind1=' ' ind2='0' tag='866'><subfield code='0'>715654</subfield><subfield code='6'>0</subfield><subfield code='z'>Positive service copy.</subfield></datafield><datafield ind1='8' ind2='1' tag='852'><subfield code='0'>715654</subfield><subfield code='b'>rcppf</subfield><subfield code='h'></subfield><subfield code='t'>1</subfield><subfield code='x'>BW</subfield><subfield code='x'>tr fr flm</subfield></datafield><datafield ind1='0' ind2='0' tag='876'><subfield code='0'>715654</subfield><subfield code='a'>5758974</subfield><subfield code='h'></subfield><subfield code='j'>Not Charged</subfield><subfield code='p'>32101070300312</subfield><subfield code='t'>1</subfield><subfield code='x'>Shared</subfield><subfield code='z'>PF</subfield></datafield></record>