
<record><leader>01932cam a2200433 a 4500</leader><controlfield tag='001'>648703</controlfield><controlfield tag='005'>20160919172336.0</controlfield><controlfield tag='007'>hd bfa013baaa</controlfield><controlfield tag='007'>hd bfa013baba</controlfield><controlfield tag='007'>hd afa013baca</controlfield><controlfield tag='008'>910528s1962    xx      ab    000 0 ara d</controlfield><datafield ind1=' ' ind2=' ' tag='035'><subfield code='a'>(OCoLC)ocn175470954</subfield></datafield><datafield ind1=' ' ind2=' ' tag='040'><subfield code='a'>NjP</subfield><subfield code='c'>PUL</subfield><subfield code='d'>PUL</subfield></datafield><datafield ind1=' ' ind2=' ' tag='035'><subfield code='a'>(OCoLC)175470954</subfield></datafield><datafield ind1=' ' ind2=' ' tag='035'><subfield code='a'>(CStRLIN)NJPG91-B26155</subfield></datafield><datafield ind1=' ' ind2=' ' tag='035'><subfield code='9'>ACY4960TS</subfield></datafield><datafield ind1=' ' ind2=' ' tag='035'><subfield code='a'>(NjP)648703</subfield></datafield><datafield ind1=' ' ind2=' ' tag='079'><subfield code='a'>ocm23911573</subfield></datafield><datafield ind1=' ' ind2=' ' tag='049'><subfield code='a'>PULL</subfield></datafield><datafield ind1='1' ind2=' ' tag='100'><subfield code='6'>880-01</subfield><subfield code='a'>Ḥūfī, Aḥmad Muḥammad.</subfield></datafield><datafield ind1='1' ind2='3' tag='245'><subfield code='6'>880-02</subfield><subfield code='a'>al-Ḥayāh al-ʻArabīyah min al-shiʻr al-jāhilī</subfield><subfield code='h'>[microform] /</subfield><subfield code='c'>Aḥmad Muḥammad al-Ḥūfī.</subfield></datafield><datafield ind1=' ' ind2=' ' tag='250'><subfield code='6'>880-03</subfield><subfield code='a'>al-Ṭabʻah 4., mazīdah wa-muʻadallah.</subfield></datafield><datafield ind1=' ' ind2=' ' tag='260'><subfield code='6'>880-04</subfield><subfield code='a'>al-Fajjālah [Cairo] :</subfield><subfield code='b'>Maktabat Nahḍat Miṣr,</subfield><subfield code='c'>[1962]</subfield></datafield><datafield ind1=' ' ind2=' ' tag='300'><subfield code='a'>532 p. ;</subfield><subfield code='c'>24 cm.</subfield></datafield><datafield ind1=' ' ind2=' ' tag='504'><subfield code='a'>Includes bibliographical references (p. [511]-518).</subfield></datafield><datafield ind1=' ' ind2=' ' tag='533'><subfield code='a'>Microfilm.</subfield><subfield code='b'>Bethlehem, PA :</subfield><subfield code='c'>Mid-Atlantic Preservation Service,</subfield><subfield code='d'>1991.</subfield><subfield code='e'>1 microfilm reel ; 35 mm.</subfield><subfield code='f'>(Princeton University Arabic collection ; cn. 9000149.05).</subfield><subfield code='7'>s1991    paun a</subfield></datafield><datafield ind1=' ' ind2=' ' tag='590'><subfield code='a'>RLG Great Collections Project.</subfield></datafield><datafield ind1=' ' ind2='0' tag='650'><subfield code='a'>Arabic poetry</subfield><subfield code='x'>History and criticism.</subfield><subfield code='0'>(uri)http://id.loc.gov/authorities/subjects/sh2007101226</subfield></datafield><datafield ind1=' ' ind2='0' tag='650'><subfield code='a'>Arabs.</subfield><subfield code='0'>(uri)http://id.loc.gov/authorities/subjects/sh85006349</subfield></datafield><datafield ind1=' ' ind2='0' tag='830'><subfield code='a'>Princeton University Arabic collection ;</subfield><subfield code='v'>cn. 9000149.05.</subfield></datafield><datafield ind1='1' ind2=' ' tag='880'><subfield code='6'>100-01/r</subfield><subfield code='a'>حوفي، احمد محمد.</subfield></datafield><datafield ind1='1' ind2='2' tag='880'><subfield code='6'>245-02/r</subfield><subfield code='a'>الحياة العربية من الشعر الجاهلي</subfield><subfield code='h'>[microform] /</subfield><subfield code='c'>احمد محمد الحوفي.</subfield></datafield><datafield ind1=' ' ind2=' ' tag='880'><subfield code='6'>250-03/r</subfield><subfield code='a'>الطبعة 4.، مزيدة ومعدلة.</subfield></datafield><datafield ind1=' ' ind2=' ' tag='880'><subfield code='6'>260-04/r</subfield><subfield code='a'>الفجالة [القاهرة] :</subfield><subfield code='b'>مكتبة نهضة مصر،</subfield><subfield code='c'>[1962]</subfield></datafield><datafield ind1=' ' ind2=' ' tag='998'><subfield code='a'>05/30/91</subfield><subfield code='s'>9124</subfield><subfield code='n'>NjP</subfield><subfield code='w'>NJPG91B26155</subfield><subfield code='d'>05/28/91</subfield><subfield code='c'>JEB</subfield><subfield code='b'>JEB</subfield><subfield code='i'>910530</subfield><subfield code='l'>NJPG</subfield></datafield><datafield ind1=' ' ind2=' ' tag='911'><subfield code='a'>19921028</subfield></datafield><datafield ind1=' ' ind2=' ' tag='912'><subfield code='a'>19910530000000.0</subfield></datafield><datafield ind1=' ' ind2=' ' tag='994'><subfield code='a'>C0</subfield><subfield code='b'>PUL</subfield></datafield><datafield ind1=' ' ind2=' ' tag='999'><subfield code='a'>648703</subfield></datafield><datafield ind1=' ' ind2='0' tag='866'><subfield code='0'>715654</subfield><subfield code='6'>0</subfield><subfield code='z'>Positive service copy.</subfield></datafield><datafield ind1='8' ind2='1' tag='852'><subfield code='0'>715654</subfield><subfield code='b'>rcppf</subfield><subfield code='h'></subfield><subfield code='t'>1</subfield><subfield code='x'>BW</subfield><subfield code='x'>tr fr flm</subfield></datafield><datafield ind1='0' ind2='0' tag='876'><subfield code='0'>715654</subfield><subfield code='a'>5758974</subfield><subfield code='h'></subfield><subfield code='j'>Not Charged</subfield><subfield code='p'>32101070300312</subfield><subfield code='t'>1</subfield><subfield code='x'>Shared</subfield><subfield code='z'>PF</subfield></datafield></record>