
<record><leader>01415cam a2200325 a 4500</leader><controlfield tag='001'>648696</controlfield><controlfield tag='005'>20160919172335.0</controlfield><controlfield tag='007'>hdubfa012baaa</controlfield><controlfield tag='007'>hdubfa012baba</controlfield><controlfield tag='007'>hduafa012baca</controlfield><controlfield tag='008'>910528r19911956pau     ab    00010 ara d</controlfield><datafield ind1=' ' ind2=' ' tag='035'><subfield code='a'>(OCoLC)23911561</subfield></datafield><datafield ind1=' ' ind2=' ' tag='035'><subfield code='a'>(CStRLIN)NJPG91-B26149</subfield></datafield><datafield ind1=' ' ind2=' ' tag='035'><subfield code='9'>ACY4953TS</subfield></datafield><datafield ind1=' ' ind2=' ' tag='040'><subfield code='a'>NjP</subfield><subfield code='c'>NjP</subfield></datafield><datafield ind1='1' ind2=' ' tag='100'><subfield code='a'>Ḥūfī, Aḥmad Muḥammad.</subfield></datafield><datafield ind1='1' ind2='3' tag='245'><subfield code='a'>al-Fukāhah fī al-adab</subfield><subfield code='h'>[microform] :</subfield><subfield code='b'>uṣūluhā wa-anwāʻuhā /</subfield><subfield code='c'>taʾlīf Aḥmad Muḥammad al-Ḥūfī.</subfield></datafield><datafield ind1=' ' ind2=' ' tag='260'><subfield code='a'>al-Fajjālah [Cairo] :</subfield><subfield code='b'>Maktabat Nahḍat Miṣr,</subfield><subfield code='c'>[1956]</subfield></datafield><datafield ind1=' ' ind2=' ' tag='300'><subfield code='a'>2 v. ;</subfield><subfield code='c'>22 cm.</subfield></datafield><datafield ind1='0' ind2=' ' tag='490'><subfield code='a'>Fī al-adab wa-al-naqd</subfield></datafield><datafield ind1=' ' ind2=' ' tag='500'><subfield code='a'>Introd. dated: 1956.</subfield></datafield><datafield ind1=' ' ind2=' ' tag='504'><subfield code='a'>Includes bibliographical references (v. 2, p. [164]-168).</subfield></datafield><datafield ind1=' ' ind2=' ' tag='533'><subfield code='a'>Microfilm.</subfield><subfield code='b'>Bethlehem, PA :</subfield><subfield code='c'>Mid-Atlantic Preservation Service,</subfield><subfield code='d'>1991.</subfield><subfield code='e'>1 microfilm reel ; 35 mm.</subfield><subfield code='f'>(Princeton University Arabic collection ; cn. 9000149.02).</subfield></datafield><datafield ind1=' ' ind2=' ' tag='590'><subfield code='a'>RLG Great Collections Project.</subfield></datafield><datafield ind1=' ' ind2='0' tag='650'><subfield code='a'>Arabic wit and humor.</subfield><subfield code='0'>(uri)http://id.loc.gov/authorities/subjects/sh85006346</subfield></datafield><datafield ind1=' ' ind2='0' tag='650'><subfield code='a'>Arabic literature</subfield><subfield code='x'>History and criticism.</subfield><subfield code='0'>(uri)http://id.loc.gov/authorities/subjects/sh2007101215</subfield></datafield><datafield ind1=' ' ind2='0' tag='830'><subfield code='a'>Princeton University Arabic collection ;</subfield><subfield code='v'>cn. 9000149.02.</subfield></datafield><datafield ind1=' ' ind2=' ' tag='998'><subfield code='a'>05/30/91</subfield><subfield code='s'>9124</subfield><subfield code='n'>NjP</subfield><subfield code='w'>NJPG91B26149</subfield><subfield code='d'>05/28/91</subfield><subfield code='c'>JEB</subfield><subfield code='b'>JEB</subfield><subfield code='i'>910530</subfield><subfield code='l'>NJPG</subfield></datafield><datafield ind1=' ' ind2=' ' tag='911'><subfield code='a'>19921028</subfield></datafield><datafield ind1=' ' ind2=' ' tag='912'><subfield code='a'>19910530000000.0</subfield></datafield><datafield ind1=' ' ind2='0' tag='866'><subfield code='0'>715654</subfield><subfield code='6'>0</subfield><subfield code='z'>Positive service copy.</subfield></datafield><datafield ind1='8' ind2='1' tag='852'><subfield code='0'>715654</subfield><subfield code='b'>rcppf</subfield><subfield code='h'></subfield><subfield code='t'>1</subfield><subfield code='x'>BW</subfield><subfield code='x'>tr fr flm</subfield></datafield><datafield ind1='0' ind2='0' tag='876'><subfield code='0'>715654</subfield><subfield code='a'>5758974</subfield><subfield code='h'></subfield><subfield code='j'>Not Charged</subfield><subfield code='p'>32101070300312</subfield><subfield code='t'>1</subfield><subfield code='x'>Shared</subfield><subfield code='z'>PF</subfield></datafield></record>